
@misc {Tutorial,
   url = {https://github.com/rd11490/NBA_Tutorials/tree/master/deduplicating_sources},
   year = {2020},
   title = {Deduplicating players between different sources},
   author = {Ryan Davis},
}

