@misc {MVPJokic,
   url = {https://www.forbes.com/sites/shaneyoung/2022/04/15/whos-the-nba-mvp-final-rankings-for-the-2021-22-season/?sh=1fff33f4469e},
   year = {2022},
   title = {Whoâ€™s The NBA MVP? Final Rankings For The 2021-22 Season},
   author = {{Shane Young}},
}

@misc {NoStatSheet,
   url = {https://fadeawayworld.net/nba/5-nba-players-that-are-worth-more-than-their-stats-show},
   year = {2022},
   title = {5 NBA Players That Are Worth More Than Their Stats Show},
   author = {Lee Tran},
}

@misc {MVPBias,
   url = {https://ftw.usatoday.com/lists/joel-embiid-nba-mvp-hate-bias-nikola-jokic},
   year = {2022},
   title = {Joel Embiid is right about MVP voting bias, but for the wrong reasons},
   author = {Prince Grimes},
}

