
@misc {dash,
   url = {https://dash.gallery/bball-player-explorer},
   year = {2022},
   title = {NBA PLAYER PERFORMANCE AND SCOUTING EXPLORER},
   author = {{Dash Enterprise}},
}

@misc {statmuse,
   url = {https://www.statmuse.com/nba},
   year = {2014},
   title = {StatMuse NBA},
   author = {Eli Dawson},
}

@misc {sportsReference,
   url = {https://www.basketball-reference.com},
   year = {2004},
   title = {Basketball Reference},
   author = {Sean Forman},
}

@misc {espn,
   url = {https://www.espn.com/nba/stats},
   year = {1995},
   title = {NBA Stats},
   author = {Bill Rasmussen},
}

@misc {sportsStats,
   url = {https://builtin.com/big-data/big-data-companies-sports},
   year = {2022},
   title = {How Sports Analytics Are Used Today, by Teams and Fans},
   author = {Alyssa Schroer},
}

@misc {MVPpredict,
   url = {https://towardsdatascience.com/predicting-the-next-nba-mvp-using-machine-learning-62615bfcff75},
   year = {2022},
   title = {Predicting the next NBA MVP using Machine Learning},
   author = {David Yoo},
}

@misc {fantasy,
   url = {https://basketball.fantasysports.yahoo.com/nba/draftanalysis},
   year = {2022},
   title = {Draft Analysis},
   author = {Yahoo Sports},
}

@misc {fantasyDraft,
   url = {https://fantasy.espn.com/basketball/mockdraftlobby},
   year = {2022},
   title = {Mock Draft},
   author = {ESPN},
}

